@article{Laine:2006cp,
      author         = "Laine, Mikko and Schroder, York",
      title          = "{Quark mass thresholds in QCD thermodynamics}",
      journal        = "Phys.Rev.",
      volume         = "D73",
      pages          = "085009",
      doi            = "10.1103/PhysRevD.73.085009",
      year           = "2006",
      eprint         = "hep-ph/0603048",
      archivePrefix  = "arXiv",
      primaryClass   = "hep-ph",
      reportNumber   = "BI-TP-2006-07",
      SLACcitation   = "%%CITATION = HEP-PH/0603048;%%",
}
@article{DelZanna:2013eua,
      author         = "Del Zanna, L. and Chandra, V. and Inghirami, G. and
                        Rolando, V. and Beraudo, A. and others",
      title          = "{Relativistic viscous hydrodynamics for heavy-ion
                        collisions with ECHO-QGP}",
      journal        = "Eur.Phys.J.",
      volume         = "C73",
      pages          = "2524",
      doi            = "10.1140/epjc/s10052-013-2524-5",
      year           = "2013",
      eprint         = "1305.7052",
      archivePrefix  = "arXiv",
      primaryClass   = "nucl-th",
      SLACcitation   = "%%CITATION = ARXIV:1305.7052;%%",
}
@article{Gubser:2010ze,
      author         = "Gubser, Steven S.",
      title          = "{Symmetry constraints on generalizations of Bjorken
                        flow}",
      journal        = "Phys.Rev.",
      volume         = "D82",
      pages          = "085027",
      doi            = "10.1103/PhysRevD.82.085027",
      year           = "2010",
      eprint         = "1006.0006",
      archivePrefix  = "arXiv",
      primaryClass   = "hep-th",
      reportNumber   = "PUPT-2340",
      SLACcitation   = "%%CITATION = ARXIV:1006.0006;%%",
}
@article{Gubser:2010ui,
      author         = "Gubser, Steven S. and Yarom, Amos",
      title          = "{Conformal hydrodynamics in Minkowski and de Sitter
                        spacetimes}",
      journal        = "Nucl.Phys.",
      volume         = "B846",
      pages          = "469-511",
      doi            = "10.1016/j.nuclphysb.2011.01.012",
      year           = "2011",
      eprint         = "1012.1314",
      archivePrefix  = "arXiv",
      primaryClass   = "hep-th",
      reportNumber   = "PUPT-2358",
      SLACcitation   = "%%CITATION = ARXIV:1012.1314;%%",
}

@article{Marrochio:2013wla,
      author         = "Marrochio, Hugo and Noronha, Jorge and Denicol, Gabriel
                        S. and Luzum, Matthew and Jeon, Sangyong and others",
      title          = "{Solutions of Conformal Israel-Stewart Relativistic
                        Viscous Fluid Dynamics}",
      year           = "2013",
      eprint         = "1307.6130",
      archivePrefix  = "arXiv",
      primaryClass   = "nucl-th",
      SLACcitation   = "%%CITATION = ARXIV:1307.6130;%%",
}

@article{Takamoto20117002,
  title = "A fast numerical scheme for causal relativistic hydrodynamics with dissipation ",
  journal = "J. Comput. Phys.",
  volume = "230",
  number = "18",
  pages = "7002 - 7017",
  year = "2011",
  note = "",
  issn = "0021-9991",
  doi = "http://dx.doi.org/10.1016/j.jcp.2011.05.030",
  url = "http://www.sciencedirect.com/science/article/pii/S002199911100341X",
  author = "Makoto Takamoto and Shuichiro Inutsuka",
}
@article{DelZanna:2007pk,
      author         = "Del Zanna, L. and Zanotti, O. and Bucciantini, N. and
                        Londrillo, P.",
      title          = "{ECHO: an Eulerian Conservative High Order scheme for
                        general relativistic magnetohydrodynamics and
                        magnetodynamics}",
      journal        = "Astron.Astrophys.",
      volume         = "473",
      pages          = "11-30",
      doi            = "10.1051/0004-6361:20077093",
      year           = "2007",
      eprint         = "0704.3206",
      archivePrefix  = "arXiv",
      primaryClass   = "astro-ph",
      SLACcitation   = "%%CITATION = ARXIV:0704.3206;%%",
}
@article{Holopainen:2010gz,
      author         = "Holopainen, Hannu and Niemi, Harri and Eskola, Kari J.",
      title          = "{Event-by-event hydrodynamics and elliptic flow from
                        fluctuating initial state}",
      journal        = "Phys.Rev.",
      volume         = "C83",
      pages          = "034901",
      doi            = "10.1103/PhysRevC.83.034901",
      year           = "2011",
      eprint         = "1007.0368",
      archivePrefix  = "arXiv",
      primaryClass   = "hep-ph",
      reportNumber   = "INT-PUB-10-031",
      SLACcitation   = "%%CITATION = ARXIV:1007.0368;%%",
}

@article{Bluhm:2013yga,
      author         = "Bluhm, M. and Alba, P. and Alberico, W. and Beraudo, A.
                        and Ratti, C.",
      title          = "{Lattice QCD-based equations of state at vanishing
                        net-baryon density}",
      journal        = "Nucl.Phys.",
      volume         = "A929",
      pages          = "157-168",
      doi            = "10.1016/j.nuclphysa.2014.06.013",
      year           = "2014",
      eprint         = "1306.6188",
      archivePrefix  = "arXiv",
      primaryClass   = "hep-ph",
      SLACcitation   = "%%CITATION = ARXIV:1306.6188;%%",
}
@article{Borsanyi:2010cj,
      author         = "Borsanyi, Szabolcs and Endrodi, Gergely and Fodor, Zoltan
                        and Jakovac, Antal and Katz, Sandor D. and others",
      title          = "{The QCD equation of state with dynamical quarks}",
      journal        = "JHEP",
      volume         = "1011",
      pages          = "077",
      doi            = "10.1007/JHEP11(2010)077",
      year           = "2010",
      eprint         = "1007.2580",
      archivePrefix  = "arXiv",
      primaryClass   = "hep-lat",
      reportNumber   = "WUB-10-12",
      SLACcitation   = "%%CITATION = ARXIV:1007.2580;%%",
}
@article{Becattini:2015ska,
      author         = "Becattini, F. and Inghirami, G. and Rolando, V. and
                        Beraudo, A. and Del Zanna, L. and others",
      title          = "{A study of vorticity formation in high energy nuclear
                        collisions}",
      year           = "2015",
      eprint         = "1501.04468",
      archivePrefix  = "arXiv",
      primaryClass   = "nucl-th",
      SLACcitation   = "%%CITATION = ARXIV:1501.04468;%%",
}
@article{Cooper1974,
  title = {Single-particle distribution in the hydrodynamic and statistical thermodynamic models of multiparticle production},
  author = {Cooper, Fred and Frye, Graham},
  journal = {Phys. Rev. D},
  volume = {10},
  issue = {1},
  pages = {186--189},
  numpages = {0},
  year = {1974},
  month = {Jul},
  publisher = {American Physical Society},
  doi = {10.1103/PhysRevD.10.186},
  url = {http://link.aps.org/doi/10.1103/PhysRevD.10.186}
}
@book{Glauber,
  author = {Glauber, RJ},
  year = {1959},
  title = {Lectures in Theoretical Physics},
  volume = {1},
  pages = {1-315},
  publisher = {WE Brittin and LG Dunham (Eds), Interscience}
  }
@article{Israel1979341,
title = "Transient relativistic thermodynamics and kinetic theory ",
journal = "Annals of Physics ",
volume = "118",
number = "2",
pages = "341 - 372",
year = "1979",
note = "",
issn = "0003-4916",
doi = "http://dx.doi.org/10.1016/0003-4916(79)90130-1",
url = "http://www.sciencedirect.com/science/article/pii/0003491679901301",
author = "W. Israel and J.M. Stewart"
}
@article{Israel1976310,
title = "Nonstationary irreversible thermodynamics: A causal relativistic theory ",
journal = "Annals of Physics ",
volume = "100",
number = "1â€“2",
pages = "310 - 331",
year = "1976",
note = "",
issn = "0003-4916",
doi = "http://dx.doi.org/10.1016/0003-4916(76)90064-6",
url = "http://www.sciencedirect.com/science/article/pii/0003491676900646",
author = "Werner Israel"
}
@article{Bozek2010,
  title = {Directed flow in ultrarelativistic heavy-ion collisions},
  author = {Bo\ifmmode \dot{z}\else \.{z}\fi{}ek, Piotr and Wyskiel, Iwona},
  journal = {Phys. Rev. C},
  volume = {81},
  issue = {5},
  pages = {054902},
  numpages = {7},
  year = {2010},
  month = {May},
  publisher = {American Physical Society},
  doi = {10.1103/PhysRevC.81.054902},
  url = {http://link.aps.org/doi/10.1103/PhysRevC.81.054902}
}
